@InProceedings
{
	ref_large_display_pointing, 
	author = {Banerjee, Amartya and Burstyn, Jesse and Girouard, Audrey and Vertegaal, Roel},
	title = {MultiPoint: Comparing laser and manual pointing as remote input in large display interactions},
	year = {2012},
	pages = {690--702},
	volume = {70(10)},
	booktitle = {International Journal of Human - Computer Studies},
	publisher = {Elsevier Ltd},
	series = {CHI '11},
}

@InProceedings
{
	ref_air_pointing,
	author = {Cockburn, A and Quinn, P and Gutwin, C and Ramos, G and Looser, J},
	title = {Air pointing: Design and evaluation of spatial target acquisition with and without visual feedback},
	year = {2011},
	pages = {401--414},
	volume = {69(6)},
	booktitle = {International Journal of Human-Computer Studies},
	publisher = {Elsevier Ltd},
}

@InProceedings
{
	ref_handprinting_alternatives,
	author = {Devoe, D.B},
	title = {Alternatives to Handprinting in the Manual Entry of Data},
	year = {1967},
	pages = {21--32},
	volume = {HFE-8(1)},
	booktitle = {IEEE Transactions on Human Factors in Electronics},
	publisher = {IEEE},
}

@InProceedings
{
	ref_multiscale_navigation,
	author = {Jones, Brett and Sodhi, Rajinder and Forsyth, David and Bailey, Brian and Maciocci, Giuliano},
	title = {Around Device Interaction for Multiscale Navigation},
	year = {2012},
	pages = {83--92},
	booktitle = {Proceedings of the 14th International Conference on Human-computer Interaction with Mobile Devices and Services},
	publisher = {ACM},
	series = {MobileHCI '12},
}

@InProceedings
{
	ref_ray_pointing_large_displays,
	author = {Jota, Ricardo and Nacenta, Miguel A and Jorge, Joaquim A and Carpendale, Sheelagh and Greenberg, Saul},
	title = {A Comparison of Ray Pointing Techniques for Very Large Displays},
	year = {2010},
	pages = {269--276},
	booktitle = {Proceedings - Graphics Interface},
	publisher = {Canadian Information Processing Society},
}

@phdthesis
{
	ref_shape_writing,
	author = {Kristensson, Per-Ola},
	title = {Discrete and Continuous Shape Writing for Text Entry and Control},
	school = {Linköping University},
	year = {2007},
	type = {Doctoral dissertation},
	address = {Sweden},
}

@InProceedings
{
	ref_visual_touchpad,
	author = {Malik, Shahzad and Laszlo, Joe},
	title = {Visual Touchpad: A Two-handed Gestural Input Device},
	year = {2004},
	pages = {289--296},
	booktitle = {Proceedings of the 6th International Conference on Multimodal Interfaces},
	publisher = {ACM},
	series = {ICMI '04},
}

@InProceedings
{
	ref_selection_based_mid_air,
	author = {Markussen, Anders and Jakobsen, Mikkel R{\o}nne and Hornb{\ae}k, Kasper},
	title = {Selection-Based Mid-Air Text Entry on Large Displays},
	year = {2013},
	pages = {401--418},
	booktitle = {Human-Computer Interaction – INTERACT 2013},
	publisher = {Springer Berlin Heidelberg},
	series = {Lecture Notes in Computer Science},
	volume = {8117(1)},
}

@InProceedings
{
	ref_vulture,
	author = {Markussen, Anders and Jakobsen, Mikkel R{\o}nne and Hornb{\ae}k, Kasper},
	title = {Vulture: A Mid-Air Word-Gesture Keyboard},
	year = {2014},
	pages = {1073--1082},
	booktitle = {Proceedings of the SIGCHI Conference on Human Factors in Computing Systems},
	publisher = {ACM},
	series = {CHI '14},
}

@InProceedings
{
	ref_pan_zoom_large_dispalys,
	author = {Nancel, Mathieu and Wagner, Julie and Pietriga, Emmanuel and Chapuis, Olivier and Mackay, Wendy},
	title = {Mid-air Pan-and-zoom on Wall-sized Displays},
	year = {2011},
	pages = {177--186},
	booktitle = {Proceedings of the SIGCHI Conference on Human Factors in Computing Systems},
	publisher = {ACM},
	series = {CHI '11},
}

@InProceedings
{
	ref_airstroke,
	author = {Ni, Tao and Bowman, Doug and North, Chris},
	title = {AirStroke: Bringing Unistroke Text Entry to Freehand Gesture Interfaces},
	year = {2011},
	pages = {2473--2476},
	booktitle = {Proceedings of the SIGCHI Conference on human factors in computing systems},
	publisher = {ACM},
	series = {CHI '11},
}

@InProceedings
{
	ref_augmented_reality,
	author = {Piumsomboon, Thammathip and Clark, Adrian and Billinghurst, Mark and Cockburn, Andy},
	title = {User-Defined Gestures for Augmented Reality},
	year = {2013},
	pages = {282--299},
	booktitle = {Human-Computer Interaction – INTERACT 2013},
	publisher = {Springer Berlin Heidelberg},
	series = {Lecture Notes in Computer Science},
	volume = {8118(2)},
}

@InProceedings
{
	ref_mid_air_text_large_displays,
	author = {Shoemaker, Garth and Findlater, Leah and Dawson, Jessica Q and Booth, Kellogg S},
	title = {Mid-air text input techniques for very large wall displays},
	year = {2009},
	pages = {231--238},
	booktitle = {Proceedings - Graphics Interface},
	publisher = {Canadian Information Processing Society},
}

@InProceedings
{
	ref_shadow_reaching,
	author = {Shoemaker, Garth and Tang, Anthony and Booth, Kellogg S.},
	title = {Shadow Reaching: A New Perspective on Interaction for Large Displays},
	year = {2007},
	pages = {53--56},
	booktitle = {Proceedings of the 20th Annual ACM Symposium on User Interface Software and Technology},
	publisher = {ACM},
	series = {UIST '07},
}

@InProceedings
{
	ref_leap_painting,
	author = {Sutton, Jeremy},
	title = {Air Painting with Corel Painter Freestyle and the Leap Motion Controller: A Revolutionary New Way to Paint!},
	year = {2013},
	pages = {21:1--21:1},
	articleno = {21},
	booktitle = {ACM SIGGRAPH 2013 Studio Talks},
	publisher = {ACM},
	series = {SIGGRAPH '13},
}

@InProceedings
{
	ref_leap_tech,
	author = {Toimil, Miguel and Shin, Namchul and Eisner, Alan},
	title = {Gesture Technology: An Innovative “Leap” for Workflow},
	year = {2013},
	pages = {291},
	booktitle = {Proceedings of the International Conference on e-Learning, e-Business, Enterprise Information Systems, and e-Government},
	publisher = {WorldComp},
	series = {EEE '13},
}

@InProceedings
{
	ref_air_handwriting,
	author = {Vikram, Sharad and Li, Lei and Russell, Stuart},
	title = {Writing and Sketching in the Air, Recognizing and Controlling on the Fly},
	year = {2013},
	pages = {1179--1184},
	booktitle = {CHI '13 Extended Abstracts on Human Factors in Computing Systems},
	publisher = {ACM},
	series = {CHI EA '13},
}

@InProceedings
{
	ref_freehand_pointing_large_displays,
	author = {Vogel, Daniel and Balakrishnan, Ravin},
	title = {Distant Freehand Pointing and Clicking on Very Large, High Resolution Displays},
	year = {2005},
	pages = {33--42},
	booktitle = {Proceedings of the 18th Annual ACM Symposium on User Interface Software and Technology},
	publisher = {ACM},
	series = {UIST '05},
}

@article
{
	ref_the_word_gesture_keyboard,
	author = {Zhai, Shumin and Kristensson, Per Ola},
	title = {The Word-gesture Keyboard: Reimagining Keyboard Interaction},
	year = {2012},
	pages = {91--101},
	publisher = {ACM},
 	volume = {55},
 	number = {9},
	journal = {Communications of the ACM},
	issue_date = {September 2012},
}

@InProceedings
{
	ref_shapewriter_iphone,
	author = {Zhai, Shumin and Kristensson, Per-Ola and Gong, Pengjun and Greiner, Michael and Peng, Shilei Allen and Liu, Liang Mico and Dunnigan, Anthony},
	title = {Shapewriter on the Iphone: From the Laboratory to the Real World},
	year = {2009},
	pages = {2667--2670},
	booktitle = {CHI '09 Extended Abstracts on Human Factors in Computing Systems},
	publisher = {ACM},
	series = {CHI EA '09},
}

@article
{
	ref_frechet,
	author = {Har-Peled, Sariel and Raichel, Benjamin},
	title = {The Fr\'{E}Chet Distance Revisited and Extended},
	journal = {ACM Trans. Algorithms},
	issue_date = {January 2014},
	volume = {10},
	number = {1},
	month = jan,
	year = {2014},
	issn = {1549-6325},
	pages = {3:1--3:22},
	articleno = {3},
	numpages = {22},
	url = {http://doi.acm.org.ezproxy.baylor.edu/10.1145/2532646},
	doi = {10.1145/2532646},
	acmid = {2532646},
	publisher = {ACM},
	address = {New York, NY, USA},
	keywords = {Fr{\'e}chet distance, approximation algorithms, realistic input models},
}

@inproceedings
{
	ref_error_rates,
	author = {Soukoreff, R. William and MacKenzie, I. Scott},
	title = {Metrics for Text Entry Research: An Evaluation of MSD and KSPC, and a New Unified Error Metric},
	booktitle = {Proceedings of the SIGCHI Conference on Human Factors in Computing Systems},
	series = {CHI '03},
	year = {2003},
	isbn = {1-58113-630-7},
	location = {Ft. Lauderdale, Florida, USA},
	pages = {113--120},
	numpages = {8},
	url = {http://doi.acm.org.ezproxy.baylor.edu/10.1145/642611.642632},
	doi = {10.1145/642611.642632},
	acmid = {642632},
	publisher = {ACM},
	address = {New York, NY, USA},
}

@inproceedings{
	ref_phrase_sets,
	author = {MacKenzie, I. Scott and Soukoreff, R. William},
	title = {Phrase Sets for Evaluating Text Entry Techniques},
	booktitle = {CHI '03 Extended Abstracts on Human Factors in Computing Systems},
	series = {CHI EA '03},
	year = {2003},
	isbn = {1-58113-637-4},
	location = {Ft. Lauderdale, Florida, USA},
	pages = {754--755},
	numpages = {2},
	url = {http://doi.acm.org.ezproxy.baylor.edu/10.1145/765891.765971},
	doi = {10.1145/765891.765971},
	acmid = {765971},
	publisher = {ACM},
	address = {New York, NY, USA},
	keywords = {hand held devices and mobile computing, input and interaction technologies, pen and tactile input},
} 

@phdthesis
{
	ref_alvin_thesis,
	author = {Hari Haran, Alvin Jude},
	title = {Giving the Users a Hand: Towards Touchless Hand Gestures for the Desktop},
	school = {Department of Computer Science, Baylor University},
	year = {2014},
	type = {Masters Thesis},
	address = {Waco, TX},
}

@phdthesis
{
	ref_darren_thesis,
	author = {Guinness, Darren},
	title = {Models for Rested Touchless Gestural Interaction},
	school = {Department of Computer Science, Baylor University},
	year = {2015},
	type = {Masters Thesis},
	address = {Waco, TX},
}

@InProceedings
{
	ref_air_writing_continuous_recognition,
	author = {Amma, C. and Georgi, M. and Schultz, T.},
	title = {Airwriting: Hands-Free Mobile Text Input by Spotting and Continuous Recognition of 3d-Space Handwriting with Inertial Sensors},
	year = {2012},
	pages = {52--59},
	booktitle = {Wearable Computers (ISWC), 2012 16th International Symposium},
	publisher = {IEEE},
}

@inproceedings
{
	ref_graffiti_vs_unistroke,
	author = {Castellucci, Steven J. and MacKenzie, I. Scott},
	title = {Graffiti vs. Unistrokes: An Empirical Comparison},
	booktitle = {Proceedings of the SIGCHI Conference on Human Factors in Computing Systems},
	series = {CHI '08},
	year = {2008},
	isbn = {978-1-60558-011-1},
	location = {Florence, Italy},
	pages = {305--308},
	numpages = {4},
	url = {http://doi.acm.org.ezproxy.baylor.edu/10.1145/1357054.1357106},
	doi = {10.1145/1357054.1357106},
	acmid = {1357106},
	publisher = {ACM},
	address = {New York, NY, USA},
	keywords = {empirical study, graffiti, stylus, text entry, unistrokes},
}

@InProceedings
{
	ref_wpm_word_gesture_formula,
	author = {Bi, Xiaojun and Chelba, Ciprian and Ouyang, Tom and Partridge, Kurt and Zhai, Shumin},
	title = {Bimanual Gesture Keyboard},
	year = {2012},
	pages = {137--146},
	booktitle = {Proceedings of the 25th Annual ACM Symposium on User Interface Software and Technology},
	publisher = {ACM},
	series = {UIST '12},
}

@inproceedings
{
	ref_continuous_recognition,
	author = {Kristensson, Per-Ola and Nicholson, Thomas and Quigley, Aaron},
	title = {Continuous Recognition of One-handed and Two-handed Gestures Using 3D Full-body Motion Tracking Sensors},
	booktitle = {Proceedings of the 2012 ACM International Conference on Intelligent User Interfaces},
	series = {IUI '12},
	year = {2012},
	isbn = {978-1-4503-1048-2},
	location = {Lisbon, Portugal},
	pages = {89--92},
	numpages = {4},
	url = {http://doi.acm.org.ezproxy.baylor.edu/10.1145/2166966.2166983},
	doi = {10.1145/2166966.2166983},
	acmid = {2166983},
	publisher = {ACM},
	address = {New York, NY, USA},
	keywords = {gesture recognition, motion tracking, wall-sized displays},
}

@inproceedings
{
	ref_vulture_MSD_ref,
	author = {MacKenzie, I. Scott and Soukoreff, R. William},
	title = {A Character-level Error Analysis Technique for Evaluating Text Entry Methods},
	booktitle = {Proceedings of the Second Nordic Conference on Human-computer Interaction},
	series = {NordiCHI '02},
	year = {2002},
	isbn = {1-58113-616-1},
	location = {Aarhus, Denmark},
	pages = {243--246},
	numpages = {4},
	url = {http://doi.acm.org.ezproxy.baylor.edu/10.1145/572020.572056},
	doi = {10.1145/572020.572056},
	acmid = {572056},
	publisher = {ACM},
	address = {New York, NY, USA},
	keywords = {error rates, minimum string distance, mobile computing, optimal alignments, sequence comparison, text entry},
} 

@book
{
	ref_wpm_word_gesture_timing,
	author = {MacKenzie, I. Scott and Tanaka-Ishii, Kumiko},
	title = {Text Entry Systems: Mobility, Accessibility, Universality},
	year = {2007},
	isbn = {0123735912, 9780080489797},
	publisher = {Morgan Kaufmann Publishers Inc.},
	address = {San Francisco, CA, USA},
}

@book
{
	ref_stimulus_response_compatibility,
	author = {Proctor, W. Robert and Vu, L. Kim-Phuong},
	title = {Stimulus-Response Compatibility Principles: Data, Theory, and Application},
	year = {2006},
	isbn = {0415315360, 9780415315364},
	publisher = {Taylor \& Francis Group},
	address = {Boca Raton, FL, USA},
}

@inproceedings
{
	ref_visual_feedback_focus,
	author = {Witt, Hendrik and Lawo, Michael and Drugge, Mikael},
	title = {Visual Feedback and Different Frames of Reference: The Impact on Gesture Interaction Techniques for Wearable Computing},
	booktitle = {Proceedings of the 10th International Conference on Human Computer Interaction with Mobile Devices and Services},
	series = {MobileHCI '08},
	year = {2008},
	isbn = {978-1-59593-952-4},
	location = {Amsterdam, The Netherlands},
	pages = {293--300},
	numpages = {8},
	url = {http://doi.acm.org.ezproxy.baylor.edu/10.1145/1409240.1409272},
	doi = {10.1145/1409240.1409272},
	acmid = {1409272},
	publisher = {ACM},
	address = {New York, NY, USA},
	keywords = {HotWire, data glove, gestures, mobile interaction, wearable computing},
}

@InProceedings
{
	ref_shark_wgk,
	author = {Zhai, Shumin and Kristensson, Per-Ola},
	title = {SHARK2: A Large Vocabulary Shorthand Writing System for Pen-based Computers},
	year = {2004},
	pages = {43--52},
	booktitle = {Proceedings of the 17th Annual ACM Symposium on User Interface Software and Technology},
	publisher = {ACM},
	series = {UIST '04},
} 

@inproceedings
{
	ref_shorthand_writing,
	author = {Zhai, Shumin and Kristensson, Per-Ola},
	title = {Shorthand Writing on Stylus Keyboard},
	booktitle = {Proceedings of the SIGCHI Conference on Human Factors in Computing Systems},
	series = {CHI '03},
	year = {2003},
	isbn = {1-58113-630-7},
	location = {Ft. Lauderdale, Florida, USA},
	pages = {97--104},
	numpages = {8},
	url = {http://doi.acm.org.ezproxy.baylor.edu/10.1145/642611.642630},
	doi = {10.1145/642611.642630},
	acmid = {642630},
	publisher = {ACM},
	address = {New York, NY, USA},
	keywords = {handheld devices, mobile, pervasive computing, text input, text-entry},
} 

@inproceedings
{
	ref_mid_air_text_entry_handwriting,
	author = {Schick, Alexander and Morlock, Daniel and Amma, Christoph and Schultz, Tanja and Stiefelhagen, Rainer},
	title = {Vision-based Handwriting Recognition for Unrestricted Text Input in Mid-air},
	booktitle = {Proceedings of the 14th ACM International Conference on Multimodal Interaction},
	series = {ICMI '12},
	year = {2012},
	isbn = {978-1-4503-1467-1},
	location = {Santa Monica, California, USA},
	pages = {217--220},
	numpages = {4},
	url = {http://doi.acm.org.ezproxy.baylor.edu/10.1145/2388676.2388719},
	doi = {10.1145/2388676.2388719},
	acmid = {2388719},
	publisher = {ACM},
	address = {New York, NY, USA},
	keywords = {3d hand tracking, handwriting recognition},
} 

@InProceedings
{
	ref_detecting_handwritten_characters,
	author = {Shengli, Zhou and Zhuxin, Dong and Li, J. W. and Chung, Kwong Ping},
	title = {Hand-Written Character Recognition using MEMS Motion Sensing Technology},
	year = {2008},
	pages = {1418--1423},
	booktitle = {Advanced Intelligent Mechatronics, 2008. AIM 2008. IEEE/ASME International Conference},
	publisher = {IEEE},
}

@article
{
	ref_leap_device_evaluation_1,
	author = {Weichert, Frank and Bachmann, Daniel and Rudak, Bartholom\"aus and Fisseler, Denis},
	title = {Analysis of the Accuracy and Robustness of the Leap Motion Controller},
	year = {2013},
	pages = {6380--6393},
	publisher = {ACM},
	volume = {13},
	number = {5},
	journal = {Sensors (Basel, Switzerland)},
	issue_date = {May 2013},
}

@article
{
	ref_leap_device_evaluation_2,
	author = {Guna, Jo\v{z}e and Jakus, Grega and Poga\v{c}nik, Matev\v{z} and Toma\v{z}i\v{c}, Sa\v{s}o and Sodnik, Jaka},
	title = {An Analysis of the Precision and Reliability of the Leap Motion Sensor and Its Suitability for Static and Dynamic Tracking},
	year = {2014},
	pages = {3702--3720},
	publisher = {Multidisciplinary Digital Publishing Institute},
	volume = {14},
	number = {2},
	journal = {Sensors (Basel, Switzerland)},
	issue_date = {February 2014},
}

@article
{
	ref_leap_pointing_device,
	author = {Bachmann, Daniel and Weichert, Frank and Rinkenauer, Gerhard},
	title = {Evaluation of the Leap Motion Controller as a New Contact-Free Pointing Device},
	year = {2015},
	pages = {214--233},
	publisher = {Multidisciplinary Digital Publishing Institute},
	volume = {15},
	number = {1},
	journal = {Sensors (Basel, Switzerland)},
	issue_date = {2015},
}

@misc
{
	ref_leap_motion,
	author = {Motion, Leap, Inc},
	title = {Leap Motion Controller},
	howpublished = {\url{https://www.leapmotion.com/[last accessed: 2015-10-10]}},
	year = {2012}
}

@InProceedings
{
	ref_gorilla_arm,
	author = {Yoo, Juwan and Lee, Seungyup and Ahn, C.},
	title = {Air Hook: Data Preloading User Interface},
	year = {2012},
	pages = {163--167},
	booktitle = {ICT Convergence (ICTC), 2012 International Conference},
	publisher = {IEEE},
}

@phdthesis
{
	ref_fatigue_limitation,
	author = {Teixeira, V.},
	title = {Improving elderly access to audiovisual and social media, using
	a multimodal human-computer interface},
	school = {Faculdade de Engenharia, Universidade do Porto},
	year = {2011},
	type = {Doctoral dissertation},
}

@article
{
	ref_natural_interactions,
	author = {Wachs, Juan Pablo and K\"{o}lsch, Mathias and Stern, Helman and Edan, Yael},
	title = {Vision-based Hand-gesture Applications},
	journal = {Commun. ACM},
	issue_date = {February 2011},
	volume = {54},
	number = {2},
	month = feb,
	year = {2011},
	issn = {0001-0782},
	pages = {60--71},
	numpages = {12},
	url = {http://doi.acm.org.ezproxy.baylor.edu/10.1145/1897816.1897838},
	doi = {10.1145/1897816.1897838},
	acmid = {1897838},
	publisher = {ACM},
	address = {New York, NY, USA},
} 

@InProceedings
{
	ref_come_as_you_are,
	author = {Triesch, Jochen and Von Der Malsburg, Chistoph},
	title = {Robotic Gesture Recognition by Cue Combination},
	year = {1998},
	pages = {223--232},
	booktitle = {Informatik '98},
	publisher = {Springer Berlin Heidelberg},
}

@article
{
	ref_large_screen_pointing_gestures,
	author = {Xie, Ying and Xu, Rongbin and Guo, Xing and Zhu, Erzhou and Wu, Jianguo},
	title = {Natural Bare-hand Interaction for Remote Operating Large Touch Screen},
	journal = {Journal of Computers},
	issue_date = {October 2013},
	volume = {8},
	number = {10},
	month = oct,
	year = {2013},
	pages = {2512--2519},
	publisher = {International Academy Publishing},	
}

@inproceedings
{
	ref_barehanded_interaction,
	author = {Von Hardenberg, Christian and B{\'e}rard, Fran\c{c}ois},
	title = {Bare-hand Human-computer Interaction},
	booktitle = {Proceedings of the 2001 Workshop on Perceptive User Interfaces},
	series = {PUI '01},
	year = {2001},
	location = {Orlando, Florida, USA},
	pages = {1--8},
	numpages = {8},
	url = {http://doi.acm.org/10.1145/971478.971513},
	doi = {10.1145/971478.971513},
	acmid = {971513},
	publisher = {ACM},
	address = {New York, NY, USA},
	keywords = {bare-hand control, computer vision, finger tracking, hand-posture recognition, human-computer interaction, real-time},
} 

@InProceedings
{
	ref_natural_relaxed_gestures,
	author = {Freeman, D. and Vennelakanti, R. and Madhvanath, S.},
	title = {Freehand Pose-Based Gestural Interaction: Studies and Implications for Interface Design},
	year = {2012},
	pages = {1--6},
	booktitle = {Intelligent Human Computer Interaction (IHCI), 2012 4th International Conference},
	publisher = {IEEE},
}

@book
{
	ref_sample_size,
	author = {Dattalo, Patrick},
	title = {Determining Sample Size: Balancing Power, Precision, and Practicality},
	year = {2008},
	isbn = {9780195315493},
	publisher = {Oxford University Press},
}

@book
{
	ref_anova_1,
	author = {Wu, C. F. Jeff and Hamada, Michael S.},
	title = {Experiments: Planning, Analysis, and Optimization},
	year = {2009},
	isbn = {9780471699460},
	publisher = {John Wiley \& Sons, Inc.},
	address = {Hoboken, New Jersey},
}

@book
{
	ref_anova_2,
	author = {Neter, John and Wasserman, William and Kutner, Michael H.},
	title = {Applied Linear Statistical Models: Regression, Analysis of Variance, and Experimental Designs},
	year = {1996},
	isbn = {9780256083385},
	publisher = {Irwin Press},
	edition = {4},
}

@book
{
	ref_mult_compare,
	author = {Hochberg, Yosef and Tamhane, Ajit C.},
	title = {Multiple Comparison Procedures},
	year = {2009},
	isbn = {047056833X, 9780470568330},
	publisher = {John Wiley \& Sons, Inc.},
	address = {Hoboken, New Jersey},
}

@book
{
	ref_friedmans,
	author = {Hollander, Myles and Wolfe, Douglas A. and Chicken, Eric},
	title = {Nonparametric Statistical Methods},
	year = {2013},
	isbn = {1118553292, 9781118553299},
	publisher = {John Wiley \& Sons, Inc.},
	address = {Hoboken, New Jersey},
	edition = {3},
}

@InCollection
{
	ref_within_subjects,
	author = {Kim, J.},
	title = {Within-Subjects Design},
	crossref = {ref_research_design},
}

@InCollection
{
	ref_latin_squares,
	author = {Zhang, H.},
	title = {Latin Square Design},
	crossref = {ref_research_design},
}

@book
{
	ref_research_design,
	author = {Salkind, Neil J.},
	title = {Encyclopedia of Research Design},
	booktitle = {Encyclopedia of Research Design},
	year = {2010},
	isbn = {1412961270, 9781412961271},
	publisher = {SAGE Publications, Inc.},
	address = {Thousand Oaks, California},
}

@article
{
	ref_replicated_latin_squares,
	author = {Mansson, Ralph and Prescott, Philip},
	title = {Missing Values in Replicated Latin Squares},
	journal = {Journal of Applied Statistics},
	issue_date = {August 2001},
	volume = {28},
	number = {6},
	month = aug,
	year = {2001},
	pages = {743--757},
	publisher = {Taylor \& Francis Group},	
}

@inproceedings
{
	ref_SEATO_layout_1,
	author = {Hincapi{\'e}-Ramos, Juan David and Guo, Xiang and Irani, Pourang},
	title = {The Consumed Endurance Workbench: A Tool to Assess Arm Fatigue During Mid-air Interactions},
	booktitle = {Proceedings of the 2014 Companion Publication on Designing Interactive Systems},
	series = {DIS Companion '14},
	year = {2014},
	isbn = {978-1-4503-2903-3},
	location = {Vancouver, BC, Canada},
	pages = {109--112},
	numpages = {4},
	url = {http://doi.acm.org/10.1145/2598784.2602795},
	doi = {10.1145/2598784.2602795},
	acmid = {2602795},
	publisher = {ACM},
	address = {New York, NY, USA},
	keywords = {arm fatigue, consumed endurance, endurance, gorilla-arm, mid-air gestures, mid-air interactions},
}

@inproceedings
{
	ref_SEATO_layout_2,
	author = {Hincapi{\'e}-Ramos, Juan David and Guo, Xiang and Moghadasian, Paymahn and Irani, Pourang},
	title = {Consumed Endurance: A Metric to Quantify Arm Fatigue of Mid-air Interactions},
	booktitle = {Proceedings of the SIGCHI Conference on Human Factors in Computing Systems},
	series = {CHI '14},
	year = {2014},
	isbn = {978-1-4503-2473-1},
	location = {Toronto, Ontario, Canada},
	pages = {1063--1072},
	numpages = {10},
	url = {http://doi.acm.org/10.1145/2556288.2557130},
	doi = {10.1145/2556288.2557130},
	acmid = {2557130},
	publisher = {ACM},
	address = {New York, NY, USA},
	keywords = {consumed endurance, endurance, gorilla-arm, mid-air interactions, mid-air text-entry, seato mid-air keyboard},
} 

@inproceedings
{
	ref_accelerometer_text_entry,
	author = {Jones, Eleanor and Alexander, Jason and Andreou, Andreas and Irani, Pourang and Subramanian, Sriram},
	title = {GesText: Accelerometer-based Gestural Text-entry Systems},
	booktitle = {Proceedings of the SIGCHI Conference on Human Factors in Computing Systems},
	series = {CHI '10},
	year = {2010},
	isbn = {978-1-60558-929-9},
	location = {Atlanta, Georgia, USA},
	pages = {2173--2182},
	numpages = {10},
	url = {http://doi.acm.org/10.1145/1753326.1753655},
	doi = {10.1145/1753326.1753655},
	acmid = {1753655},
	publisher = {ACM},
	address = {New York, NY, USA},
	keywords = {accelerometers, gestural input, mid-air, text-entry},
}

@article
{
	ref_amputee_EMG_keyboard,
	author = {Yu, Wenwei and Kato, Ryu and Fabio, Fukuda and Yokoi, Hiroshi and Kakazu, Yukinori},
	title = {An EMG Keyboard for Forearm Amputees},
	journal = {Applied Bionics and Biomechanics},
	issue_date = {2003},
	volume = {1},
	number = {1},
	year = {2003},
	pages = {33--43},
	numpages = {11},
	url = {http://dx.doi.org/10.3233/ABB-2003-9693530},
	doi = {10.3233/ABB-2003-9693530},
	publisher = {Hindawi Publishing Corporation},
	address = {New York, NY, USA},
}

@article
{
	ref_aging_and_technology,
	author = {Finn, Jeffrey},
	title = {Aging and Information Technology: The Promise and the Challenge},
	journal = {Generations--Journal of The American Society on Aging},
	issue_date = {1997},
	volume = {21},
	number = {3},
	year = {1997},
	pages = {5--6},
	numpages = {2},
	publisher = {The American Society on Aging},
}

@article
{
	ref_review_computer_input_devices_older_users,
	author = {Taveira, Alvaro D. and Choi, Sang D.},
	title = {Review Study of Computer Input Devices and Older Users},
	journal = {International Journal of Human-Computer Interaction},
	issue_date = {June 2009},
	volume = {25},
	number = {5},
	year = {2009},
	pages = {455--474},
	numpages = {20},
	doi = {10.1080/10447310902865040},
	publisher = {Taylor \& Francis Group},
}

@article
{
	ref_keyscretch,
	author = {Fuccella, Vittorio and De Rosa, Mattia and Costagliola, Gennaro},
	title = {Novice and Expert Performance of KeyScretch: A Gesture-Based Text Entry Method for Touch-Screens},
	journal = {IEEE Transactions on Human-Machine Systems},
	issue_date = {April 2014},
	volume = {44},
	number = {4},
	year = {2014},
	pages = {511--523},
	doi = {10.1109/THMS.2014.2314447},
	publisher = {IEEE},
}

@inproceedings
{
    ref_theoretical_expert_speeds,
    author = {Zhai, Shumin and Sue, Alison and Accot, Johnny},
    title = {Movement Model, Hits Distribution and Learning in Virtual Keyboarding},
    booktitle = {Proceedings of the SIGCHI Conference on Human Factors in Computing Systems},
    series = {CHI '02},
    year = {2002},
    isbn = {1-58113-453-3},
    location = {Minneapolis, Minnesota, USA},
    pages = {17--24},
    numpages = {8},
    url = {http://doi.acm.org/10.1145/503376.503381},
    doi = {10.1145/503376.503381},
    acmid = {503381},
    publisher = {ACM},
    address = {New York, NY, USA},
    keywords = {Fitts' law, expanding rehearsal, graphical keyboard, learning, memory, mobile computing, on screen keyboard, skill acquisition, soft keyboard, text entry, text input, virtual keyboard},
} 